@misc{ wiki:latex,
       author = "Wikipedia",
       title = "LaTeX --- Wikipedia{,} La enciclopedia libre",
       year = "2016",
       url = "https://es.wikipedia.org/w/index.php?title=LaTeX&oldid=84209252",
       note = "[Internet; descargado 30-septiembre-2015]"
}

@article{ sansegundo:2021,
          title = "Innate and Adaptive Immune Assessment at Admission to Predict Clinical Outcome in COVID-19 Patients",
          author = "San Segundo, David and Arn{\'a}iz de las Revillas, Francisco and Lamadrid-Perojo, Patricia and Comins-Boo, Alejandra and Gonz{\'a}lez-Rico, Claudia and Alonso-Peña, Marta and Irure-Ventura, Juan and Olmos, Jos{\'e} M. and Fariñas, Mar{\'i}a C. and L{\'o}pez-Hoyos, Marcos",
          journal = "Biomedicines",
          volume = "9",
          number = "8",
          pages = "917",
          year = "2021",
          note = "\url{https://doi.org/10.3390/biomedicines9080917}"
}

@misc{  docker:2013,
        title = {Docker},
        author = "Solomon Hykes",
        year = 2013,
        lastchecked = {29 Jun 2023},
        note = "\url{https://en.wikipedia.org/wiki/Docker_(software)}"
}

@misc{  anaconda:2012,
        title = {Anaconda Distribution},
        author = "Anaconda Inc.",
        year = 2012,
        lastchecked = {29 Jun 2023},
        note = "\url{https://en.wikipedia.org/wiki/Anaconda_(Python_distribution)}"
}

@misc{  jupyter:2014,
        title = {Jupyter Notebooks},
        author = "Jupyter Labs",
        year = 2014,
        lastchecked = {29 Jun 2023},
        note = "\url{https://jupyter-notebook.readthedocs.io/en/latest/}"
}

@misc{  jupyterdocker:1991,
        title = {Jupyter Docker Stacks},
        author = "Jupyter Labs",
        year = 2015,
        lastchecked = {03 Jul 2023},
        note = "\url{https://jupyter-docker-stacks.readthedocs.io/en/latest/#}"
}

@misc{  python:1991,
        title = {Python},
        author = "Guido van Rossum",
        year = 1991,
        lastchecked = {21 Jun 2023},
        note = "\url{https://es.wikipedia.org/wiki/Python}"
}
